<record><leader>00000cas a22000007a 4500</leader><controlfield tag="001">16897096</controlfield><controlfield tag="008">871026d19731975aluwr ne      0    0eng d</controlfield><datafield ind1=" " ind2=" " tag="010"><subfield code="a">sn 87050333 </subfield></datafield><datafield ind1=" " ind2=" " tag="040"><subfield code="a">AAR</subfield><subfield code="b">eng</subfield><subfield code="c">AAR</subfield><subfield code="d">CPN</subfield><subfield code="d">OCLCQ</subfield></datafield><datafield ind1=" " ind2=" " tag="042"><subfield code="a">msc</subfield></datafield><datafield ind1="0" ind2="0" tag="245"><subfield code="a">Montevallo monitor.</subfield></datafield><datafield ind1=" " ind2=" " tag="260"><subfield code="a">Montevallo, Ala. :</subfield><subfield code="b">Montevallo Monitor Pub. Co.,</subfield><subfield code="c">1973-1975.</subfield></datafield><datafield ind1=" " ind2=" " tag="300"><subfield code="a">v.</subfield></datafield><datafield ind1=" " ind2=" " tag="310"><subfield code="a">Weekly</subfield></datafield><datafield ind1="0" ind2=" " tag="362"><subfield code="a">Vol. 1, no. 1 (June 20, 1973)-v. 3, no. 4 (July 10, 1975).</subfield></datafield><datafield ind1=" " ind2=" " tag="752"><subfield code="a">United States</subfield><subfield code="b">Alabama</subfield><subfield code="c">Shelby</subfield><subfield code="d">Montevallo.</subfield></datafield><datafield ind1="0" ind2="0" tag="785"><subfield code="t">Shelby news-monitor</subfield><subfield code="w">(DLC)sn 87050334</subfield></datafield></record>